<?xml version="1.0" encoding="UTF-8"?>
<collection xmlns:xsi="http://www.w3.org/2001/XMLSchema-instance" xsi:schemaLocation="http://www.loc.gov/MARC21/slim http://www.loc.gov/standards/marcxml/schema/MARC21slim.xsd" xmlns="http://www.loc.gov/MARC21/slim">
<record>
  <leader>00779cam a22002411  4500</leader>
  <controlfield tag="001">3076400</controlfield>
  <controlfield tag="003">NNC</controlfield>
  <controlfield tag="005">20130426015730.0</controlfield>
  <controlfield tag="008">951016s1936    ua            000 0 ara d</controlfield>
  <datafield tag="035" ind1=" " ind2=" ">
    <subfield code="a">(OCoLC)ocm33309560</subfield>
  </datafield>
  <datafield tag="035" ind1=" " ind2=" ">
    <subfield code="9">ATQ0000CU</subfield>
  </datafield>
  <datafield tag="035" ind1=" " ind2=" ">
    <subfield code="a">(NNC)3076400</subfield>
  </datafield>
  <datafield tag="040" ind1=" " ind2=" ">
    <subfield code="a">LOA</subfield>
    <subfield code="c">LOA</subfield>
    <subfield code="d">ZCU</subfield>
  </datafield>
  <datafield tag="099" ind1=" " ind2=" ">
    <subfield code="a">893.7K84</subfield>
    <subfield code="a">DM5</subfield>
  </datafield>
  <datafield tag="100" ind1="1" ind2=" ">
    <subfield code="a">Marāghī, Muḥammad Muṣṭafá.</subfield>
  </datafield>
  <datafield tag="245" ind1="1" ind2="0">
    <subfield code="a">[Baḥth fi tarjamat al-qurʾān al-karīm wa aḥkāmhā.</subfield>
  </datafield>
  <datafield tag="246" ind1="0" ind2=" ">
    <subfield code="i">On front cover:</subfield>
    <subfield code="a">[Mulḥaq biʾl-juzʾ al-thānī min Majallat al-Azhar sanah 1355]</subfield>
  </datafield>
  <datafield tag="260" ind1=" " ind2=" ">
    <subfield code="a">Cairo?</subfield>
    <subfield code="b">Maṭbaʾat al al-Raghāʾib,</subfield>
    <subfield code="c">1936]</subfield>
  </datafield>
  <datafield tag="300" ind1=" " ind2=" ">
    <subfield code="a">pp. 36.</subfield>
  </datafield>
  <datafield tag="500" ind1=" " ind2=" ">
    <subfield code="a">A study in the interpretation and translation of the Qurʾān.</subfield>
  </datafield>
  <datafield tag="546" ind1=" " ind2=" ">
    <subfield code="a">Arabic text.</subfield>
  </datafield>
  <datafield tag="630" ind1="0" ind2="0">
    <subfield code="a">Qurʼan.</subfield>
  </datafield>
  <datafield tag="955" ind1=" " ind2=" ">
    <subfield code="b">CU58886818</subfield>
    <subfield code="d">off,glx</subfield>
    <subfield code="e">893.7K84 DM5</subfield>
  </datafield>
</record>
</collection>